@Article{wow_pandemic,
    author={Ran D., Balicer},
    title={Modeling Infectious Diseases Dissemination Through Online Role-Playing Games},
    journal={Epidemiology},
    month={mar},
    year={2007},
    pages={260-261},
    publisher={Lippincott Williams \& Wilkins}
}

@Misc{kids_computer,
    author={Scott, Marc},
    title={Kids can't use computers... and this is why it should worry you},
    month={jul},
    year={2013},
    note="\url{http://www.coding2learn.org/blog/2013/07/29/kids-cant-use-computers/}"
}

@Book{dial_raison,
    author={W. Adorno, Theodor AND Horkheimer, Max},
    title={Dialektik der Aufklärung},
    year={1947}
}

@Book{packard,
    author={Packard, Vance},
    title={The Hidden Persuaders},
    year={1957}
}

@Article{gorilla,
    author={Barr, Alistair},
    title={Google Mistakenly Tags Black People as "Gorillas," Showing Limits of Algorithms},
    journal={The Wall Street Journal},
    month={jul},
    year={2015},
    note="\url{https://blogs.wsj.com/digits/2015/07/01/google-mistakenly-tags-black-people-as-gorillas-showing-limits-of-algorithms/}"
}

@Book{montani,
    author={Montani, Pietro},
    title={Bioestetica : Senso comune, tecnica e arte nell’età della globalizzazione},
    year=2013
}

@Book{stiegler,
    author={Stiegler, Bernard},
    title={La technique et le temps, tome 3 : le temps du cinéma et la question du mal-être},
    year=2001
}

@Book{benjamin,
    author={Benjamin, Walter},
    title={The Work of Art in the Age of Mechanical Reproduction},
    year=1955
}
